<?xml version="1.0" encoding="UTF-8"?><collection xmlns="http://www.loc.gov/MARC21/slim"><record><leader>00630nam--2200181-i-4500</leader><controlfield tag="001">000001902</controlfield><controlfield tag="002">20161230</controlfield><controlfield tag="005">20161230201024</controlfield><controlfield tag="008">060222s1000------------r-----000-0-fre-d</controlfield><datafield ind1=" " ind2=" " tag="041"><subfield code="a">fre</subfield></datafield><datafield ind1=" " ind2=" " tag="080"><subfield code="a">535.42</subfield></datafield><datafield ind1="1" ind2=" " tag="100"><subfield code="a">Francon, M., Marechal, A</subfield></datafield><datafield ind1="1" ind2="0" tag="245"><subfield code="a">Traite d'optique instrumentale premiere section - la formation des images tome 2</subfield><subfield code="b">Diffraction.structure des images. influence de la coherence de la lumiere</subfield><subfield code="c">A. marechal, m. francon</subfield></datafield><datafield ind1=" " ind2=" " tag="260"><subfield code="a">Paris</subfield><subfield code="b">Editions De La Revue D'Optique Theorique Et Intrumentale</subfield><subfield code="c">1960</subfield></datafield><datafield ind1=" " ind2=" " tag="300"><subfield code="a">204 P</subfield></datafield><datafield ind1="1" ind2=" " tag="700"><subfield code="a">Francon, M</subfield></datafield><datafield ind1=" " ind2=" " tag="852"><subfield code="a">17970</subfield><subfield code="c">535</subfield></datafield><datafield ind1=" " ind2=" " tag="CAT"><subfield code="a">Sys</subfield><subfield code="c">20101022</subfield><subfield code="h">113909</subfield></datafield></record></collection>